@article{zhao2014characterizing,
	title={Characterizing the eddy field in the Arctic Ocean halocline},
	author={Zhao, Mengnan and Timmermans, Mary-Louise and Cole, Sylvia and Krishfield, Richard and Proshutinsky, Andrey and Toole, John},
	journal={Journal of Geophysical Research: Oceans},
	volume={119},
	number={12},
	pages={8800--8817},
	year={2014},
	publisher={Wiley Online Library}
}


@article{arbic2008quadratic,
	title={On quadratic bottom drag, geostrophic turbulence, and oceanic mesoscale eddies},
	author={Arbic, Brian K and Scott, Robert B},
	journal={Journal of physical oceanography},
	volume={38},
	number={1},
	pages={84--103},
	year={2008}
}

@article{grianik2004effects,
	title={The effects of quadratic drag on the inverse cascade of two-dimensional turbulence},
	author={Grianik, N and Held, IM and Smith, KS and Vallis, GK},
	journal={Physics of Fluids (1994-present)},
	volume={16},
	number={1},
	pages={73--78},
	year={2004},
	publisher={AIP Publishing}
}

@Unpublished{branniganunpub,
	author={Brannigan, Liam and
	Marshall, David P. and
	Naveira-Garabato, Alberto and
	Nurser, A.J.
	George},
	title={The seasonal cycle of submesoscale flows},
}


@article{koszalka2009dynamics,
	title={Dynamics of wind-forced coherent anticyclones in the open ocean},
	author={Koszalka, Inga and Bracco, Annalisa and McWilliams, James C and Provenzale, Antonello},
	journal={Journal of Geophysical Research: Oceans (1978--2012)},
	volume={114},
	number={C8},
	year={2009},
	publisher={Wiley Online Library}
}

@Article{gent1990,
  title={Isopycnal mixing in ocean circulation models},
  author={Gent, Peter R and Mcwilliams, James C},
  journal={Journal of Physical Oceanography},
  volume={20},
  number={1},
  pages={150-155},
  year={1990}
}

@incollection{rudels2012observations,
	title={Observations in the ocean},
	author={Rudels, Bert and Anderson, Leif and Eriksson, Patrick and Fahrbach, Eberhard and Jakobsson, Martin and Jones, E Peter and Melling, Humfrey and Prinsenberg, Simon and Schauer, Ursula and Yao, Tom},
	booktitle={Arctic Climate Change},
	pages={117--198},
	year={2012},
	publisher={Springer}
}

@article{rudels1994intermediate,
	title={On the intermediate depth waters of the Arctic Ocean},
	author={Rudels, B and Jones, EP and Anderson, LG and Kattner, Gerhard},
	journal={The polar oceans and their role in shaping the global environment},
	pages={33--46},
	year={1994},
	publisher={Wiley Online Library}
}

@article{swift1997waters,
	title={Waters of the Makarov and Canada basins},
	author={Swift, JH and Jones, EP and Aagaard, K and Carmack, EC and Hingston, M and Macdonald, RW and McLaughlin, FA and Perkin, RG},
	journal={Deep Sea Research Part II: Topical Studies in Oceanography},
	volume={44},
	number={8},
	pages={1503--1529},
	year={1997},
	publisher={Elsevier}
}

@article{smethie2000renewal,
	title={Renewal and circulation of intermediate waters in the Canadian Basin observed on the SCICEX 96 cruise},
	author={Smethie, William M and Schlosser, Peter and B{\"o}nisch, Gerhard and Hopkins, Tom S},
	journal={Journal of Geophysical Research: Oceans (1978--2012)},
	volume={105},
	number={C1},
	pages={1105--1121},
	year={2000},
	publisher={Wiley Online Library}
}

@article{smith1999circulation,
	title={Circulation features in the central Arctic Ocean revealed by nuclear fuel reprocessing tracers from Scientific Ice Expeditions 1995 and 1996},
	author={Smith, John N and Ellis, Katherine M and Boyd, Timothy},
	journal={Journal of Geophysical Research: Oceans (1978--2012)},
	volume={104},
	number={C12},
	pages={29663--29677},
	year={1999},
	publisher={Wiley Online Library}
}

@article{hakkinen1992modeling,
	title={Modeling the seasonal variability of a coupled Arctic ice-ocean system},
	author={H{\"a}kkinen, Sirpa and Mellor, George L},
	journal={Journal of Geophysical Research: Oceans (1978--2012)},
	volume={97},
	number={C12},
	pages={20285--20304},
	year={1992},
	publisher={Wiley Online Library}
}

@article{holland1996investigation,
	title={An investigation of the general circulation of the Arctic Ocean using an isopycnal model},
	author={Holland, David M and Mysak, Lawrence A and Oberhuber, Josef M},
	journal={Tellus A},
	volume={48},
	number={1},
	pages={138--157},
	year={1996},
	publisher={Wiley Online Library}
}

@article{gerdes1997large,
	title={Large-scale circulation and water mass distribution in the Arctic Ocean from model results and observations},
	author={Gerdes, R{\"u}diger and Schauer, Ursula},
	journal={Journal of Geophysical Research: Oceans (1978--2012)},
	volume={102},
	number={C4},
	pages={8467--8483},
	year={1997},
	publisher={Wiley Online Library}
}

@article{nazarenko1998dynamics,
	title={Dynamics of transport of "Atlantic signature" in the Arctic Ocean},
	author={Nazarenko, Larissa and Holloway, Greg and Tausnev, Nickolay},
	journal={Journal of Geophysical Research: Oceans (1978--2012)},
	volume={103},
	number={C13},
	pages={31003--31015},
	year={1998},
	publisher={Wiley Online Library}
}

@article{karcher2002pathways,
	title={Pathways and modification of the upper and intermediate waters of the Arctic Ocean},
	author={Karcher, Michael J and Oberhuber, Josef M},
	journal={Journal of Geophysical Research: Oceans (1978--2012)},
	volume={107},
	number={C6},
	pages={2--1},
	year={2002},
	publisher={Wiley Online Library}
}

@article{karcher2003arctic,
	title={Arctic warming: Evolution and spreading of the 1990s warm event in the Nordic seas and the Arctic Ocean},
	author={Karcher, Michael J and Gerdes, R{\"u}diger and Kauker, Frank and K{\"o}berle, Cornelia},
	journal={Journal of Geophysical Research: Oceans (1978--2012)},
	volume={108},
	number={C2},
	year={2003},
	publisher={Wiley Online Library}
}

@article{karcher2003transformation,
	title={Transformation of Atlantic Water in the Barents Sea between 1948 and 2002},
	author={Karcher, Michael and Gerdes, R{\"u}diger and Kauker, Frank and K{\"o}berle, Cornelia and Schauer, Ursula},
	year={2003}
}

@article{holloway2007water,
	title={Water properties and circulation in Arctic Ocean models},
	author={Holloway, G and Dupont, F and Golubeva, E and H{\"a}kkinen, S and Hunke, E and Jin, M and Karcher, M and Kauker, F and Maltrud, M and Maqueda, Morales and others},
	journal={Journal of Geophysical Research: Oceans (1978--2012)},
	volume={112},
	number={C4},
	year={2007},
	publisher={Wiley Online Library}
}

@article{jakobsson2008improved,
	title={An improved bathymetric portrayal of the Arctic Ocean: Implications for ocean modeling and geological, geophysical and oceanographic analyses},
	author={Jakobsson, Martin and Macnab, Ron and Mayer, Larry and Anderson, Robert and Edwards, Margo and Hatzky, J{\"o}rn and Schenke, Hans Werner and Johnson, Paul},
	journal={Geophysical Research Letters},
	volume={35},
	number={7},
	year={2008},
	publisher={Wiley Online Library}
}

@article{ortiz2011changing,
	title={The Changing Arctic Ocean: An Introduction to the Special Issue on the International Polar Year (2007-2008)},
	author={Ortiz, Joseph D and Falkner, Kelly K and Matrai, Patricia A and Woodgate, Rebecca A},
	journal={Oceanography},
	volume={24},
	number={3},
	pages={14},
	year={2011}
}

@article{rudels2012arctic,
	title={Arctic Ocean circulation and variability-advection and external forcing encounter constraints and local processes},
	author={Rudels, B},
	journal={Ocean Science},
	volume={8},
	pages={261--286},
	year={2012}
}

@article{steele2004circulation,
	title={Circulation of summer Pacific halocline water in the Arctic Ocean},
	author={Steele, Michael and Morison, James and Ermold, Wendy and Rigor, Ignatius and Ortmeyer, Mark and Shimada, Koji},
	journal={Journal of Geophysical Research: Oceans (1978--2012)},
	volume={109},
	number={C2},
	year={2004},
	publisher={Wiley Online Library}
}

@article{young2012exact,
	title={An exact thickness-weighted average formulation of the Boussinesq equations},
	author={Young, William R},
	journal={Journal of Physical Oceanography},
	volume={42},
	number={5},
	pages={692--707},
	year={2012}
}


@article{maddison2013eliassen,
	title={The Eliassen--Palm flux tensor},
	author={Maddison, James R and Marshall, David P},
	journal={Journal of Fluid Mechanics},
	volume={729},
	pages={69--102},
	year={2013},
	publisher={Cambridge Univ Press}
}


@article{greatbatch1998exploring,
	title={Exploring the relationship between eddy-induced transport velocity, vertical momentum transfer, and the isopycnal flux of potential vorticity},
	author={Greatbatch, Richard J},
	journal={Journal of Physical Oceanography},
	volume={28},
	number={3},
	pages={422--432},
	year={1998}
}

@article{smith1999primitive,
	title={The primitive equations in the stochastic theory of adiabatic stratified turbulence},
	author={Smith, Richard D},
	journal={Journal of Physical Oceanography},
	volume={29},
	number={8},
	pages={1865--1880},
	year={1999}
}

@article{beszczynska2011synthesis,
	title={A synthesis of exchanges through the main oceanic gateways to the Arctic Ocean},
	author={Beszczynska-M{\"o}ller, Agnieszka and Woodgate, Rebecca A and Lee, Craig and Melling, Humfrey and Karcher, Michael},
	journal={in: The Changing Arctic Ocean: Special Issue on the International Polar Year (20072009), Oceanography, 24 (3) 99.},
	volume={82},
	year={2011}
}

@article{roach1995direct,
	title={Direct measurements of transport and water properties through the Bering Strait},
	author={Roach, AT and Aagaard, K and Pease, CH and Salo, SA and Weingartner, T and Pavlov, V and Kulakov, M},
	journal={Journal of Geophysical Research: Oceans (1978--2012)},
	volume={100},
	number={C9},
	pages={18443--18457},
	year={1995},
	publisher={Wiley Online Library}
}

@article{woodgate20102007,
	title={The 2007 Bering Strait oceanic heat flux and anomalous Arctic sea-ice retreat},
	author={Woodgate, Rebecca A and Weingartner, Tom and Lindsay, Ron},
	journal={Geophysical Research Letters},
	volume={37},
	number={1},
	year={2010},
	publisher={Wiley Online Library}
}

@article{cuny2005davis,
	title={Davis Strait volume, freshwater and heat fluxes},
	author={Cuny, J{\'e}r{\^o}me and Rhines, Peter B and Kwok, Ron},
	journal={Deep Sea Research Part I: Oceanographic Research Papers},
	volume={52},
	number={3},
	pages={519--542},
	year={2005},
	publisher={Elsevier}
}

@article{curry2011volume,
	title={Volume, Freshwater, and Heat Fluxes through Davis Strait, 2004-05*},
	author={Curry, B and Lee, CM and Petrie, B},
	journal={Journal of Physical Oceanography},
	volume={41},
	number={3},
	pages={429--436},
	year={2011}
}

@article{tsubouchi2012arctic,
	title={The Arctic Ocean in summer: A quasi-synoptic inverse estimate of boundary fluxes and water mass transformation},
	author={Tsubouchi, Takamasa and Bacon, Sheldon and Naveira Garabato, AC and Aksenov, Y and Laxon, SW and Fahrbach, E and Beszczynska-M{\"o}ller, A and Hansen, E and Lee, Craig M and Ingvaldsen, RB},
	journal={Journal of Geophysical Research: Oceans (1978--2012)},
	volume={117},
	number={C1},
	year={2012},
	publisher={Wiley Online Library}
}

@article{aksenov2010polar,
	title={Polar outflow from the Arctic Ocean: A high resolution model study},
	author={Aksenov, Yevgeny and Bacon, Sheldon and Coward, Andrew C and Holliday, N Penny},
	journal={Journal of Marine Systems},
	volume={83},
	number={1},
	pages={14--37},
	year={2010},
	publisher={Elsevier}
}

@article{tang2004circulation,
	title={The circulation, water masses and sea-ice of Baffin Bay},
	author={Tang, Charles CL and Ross, Charles K and Yao, Tom and Petrie, Brian and DeTracey, Brendan M and Dunlap, Ewa},
	journal={Progress in Oceanography},
	volume={63},
	number={4},
	pages={183--228},
	year={2004},
	publisher={Elsevier}
}

@article{rudels2002east,
	title={The East Greenland Current and its contribution to the Denmark Strait overflow},
	author={Rudels, Bert and Fahrbach, Eberhard and Meincke, Jens and Bud{\'e}us, Gereon and Eriksson, Patrick},
	journal={ICES Journal of Marine Science: Journal du Conseil},
	volume={59},
	number={6},
	pages={1133--1154},
	year={2002},
	publisher={Oxford University Press}
}

@article{rudels2005interaction,
	title={The interaction between waters from the Arctic Ocean and the Nordic Seas north of Fram Strait and along the East Greenland Current: results from the Arctic Ocean-02 Oden expedition},
	author={Rudels, Bert and Bj{\"o}rk, G{\"o}ran and Nilsson, Johan and Winsor, Peter and Lake, Ir{\'e}ne and Nohr, Christian},
	journal={Journal of Marine Systems},
	volume={55},
	number={1},
	pages={1--30},
	year={2005},
	publisher={Elsevier}
}

@article{loeng1991features,
	title={Features of the physical oceanographic conditions of the Barents Sea},
	author={Loeng, Harald},
	journal={Polar research},
	volume={10},
	number={1},
	pages={5--18},
	year={1991},
	publisher={Wiley Online Library}
}

@article{saetre1999features,
	title={Features of the central Norwegian shelf circulation},
	author={S{\ae}tre, Roald},
	journal={Continental Shelf Research},
	volume={19},
	number={14},
	pages={1809--1831},
	year={1999},
	publisher={Elsevier}
}

@article{furevik2001annual,
	title={Annual and interannual variability of Atlantic Water temperatures in the Norwegian and Barents Seas: 1980--1996},
	author={Furevik, Tore},
	journal={Deep Sea Research Part I: Oceanographic Research Papers},
	volume={48},
	number={2},
	pages={383--404},
	year={2001},
	publisher={Elsevier}
}

@article{schauer2004arctic,
	title={Arctic warming through the Fram Strait: Oceanic heat transport from 3 years of measurements},
	author={Schauer, Ursula and Fahrbach, Eberhard and Osterhus, Svein and Rohardt, Gerd},
	journal={Journal of Geophysical Research: Oceans (1978--2012)},
	volume={109},
	number={C6},
	year={2004},
	publisher={Wiley Online Library}
}

@article{fer2003observations,
	title={Observations of the Storfjorden overflow},
	author={Fer, Ilker and Skogseth, Ragnheid and Haugan, Peter M and Jaccard, Pierre},
	journal={Deep Sea Research Part I: Oceanographic Research Papers},
	volume={50},
	number={10},
	pages={1283--1303},
	year={2003},
	publisher={Elsevier}
}

@article{ingvaldsen2004seasonal,
	title={The seasonal cycle in the Atlantic transport to the Barents Sea during the years 1997--2001},
	author={Ingvaldsen, Randi B and Asplin, Lars and Loeng, Harald},
	journal={Continental Shelf Research},
	volume={24},
	number={9},
	pages={1015--1032},
	year={2004},
	publisher={Elsevier}
}

@article{woodgate2005revising,
	title={Revising the Bering Strait freshwater flux into the Arctic Ocean},
	author={Woodgate, Rebecca A and Aagaard, Knut},
	journal={Geophysical Research Letters},
	volume={32},
	number={2},
	year={2005},
	publisher={Wiley Online Library}
}

@article{proshutinsky2005arctic,
	title={Arctic Ocean study: Synthesis of model results and observations},
	author={Proshutinsky, A and Yang, Jinpeng and Krishfield, R and Gerdes, R and Karcher, M and Kauker, F and Koeberle, C and Hakkinen, S and Hibler, W and Holland, D and others},
	journal={EOS, Transactions american geophysical union},
	volume={86},
	number={40},
	pages={368--371},
	year={2005},
	publisher={Wiley Online Library}
}

@article{yang2005arctic,
	title={The Arctic and Subarctic Ocean Flux of Potential Vorticity and the Arctic Ocean Circulation},
	author={Yang, Jiayan},
	journal={Journal of physical oceanography},
	volume={35},
	number={12},
	pages={2387--2407},
	year={2005}
}

@article{adcock2000interactions,
	title={Interactions between geostrophic eddies and the mean circulation over large-scale bottom topography},
	author={Adcock, Susan T and Marshall, David P},
	journal={Journal of physical oceanography},
	volume={30},
	number={12},
	pages={3223--3238},
	year={2000}
}

@article{marshall2012framework,
	title={A framework for parameterizing eddy potential vorticity fluxes},
	author={Marshall, David P and Maddison, James R and Berloff, Pavel S},
	journal={Journal of Physical Oceanography},
	volume={42},
	number={4},
	pages={539--557},
	year={2012}
}

@article{nost2008asymmetry,
	title={On the asymmetry between cyclonic and anticyclonic flow in basins with sloping boundaries},
	author={N{\o}st, Ole Anders and Nilsson, Johan and Nycander, Jonas},
	journal={Journal of Physical Oceanography},
	volume={38},
	number={4},
	pages={771--787},
	year={2008}
}

@article{jakobsson2004bathymetry,
	title={Bathymetry and physiography of the Arctic Ocean and its constituent seas},
	author={Jakobsson, M and Grantz, A and Kristoffersen, Y and Macnab, R},
	journal={The organic carbon cycle in the Arctic Ocean. Springer, Heidelberg},
	pages={1--6},
	year={2004}
}

@article{rabe2010nares,
	title={Nares Strait hydrography and salinity field from a 3-year moored array},
	author={Rabe, Berit and M{\"u}nchow, Andreas and Johnson, HL and Melling, H},
	journal={Journal of Geophysical Research: Oceans (1978--2012)},
	volume={115},
	number={C7},
	year={2010},
	publisher={Wiley Online Library}
}

@article{holloway1992representing,
  title={Representing topographic stress for large-scale ocean models},
  author={Holloway, Greg},
  journal={Journal of Physical Oceanography},
  volume={22},
  number={9},
  pages={1033--1046},
  year={1992}
}

@article{lee1997eddy,
  title={On the eddy transfer of tracers: Advective or diffusive?},
  author={Lee, Mei-Man and Marshall, David P and Williams, Richard G},
  journal={Journal of marine research},
  volume={55},
  number={3},
  pages={483--505},
  year={1997},
  publisher={Sears Foundation for Marine Research}
}

@article{hallberg2013using,
  title={Using a resolution function to regulate parameterizations of oceanic mesoscale eddy effects},
  author={Hallberg, Robert},
  journal={Ocean Modelling},
  volume={72},
  pages={92--103},
  year={2013},
  publisher={Elsevier}
}

@article{klocker2012estimating,
  title={Estimating suppression of eddy mixing by mean flows},
  author={Klocker, Andreas and Ferrari, Raffaele and LaCasce, Joseph H},
  journal={Journal of Physical Oceanography},
  volume={42},
  number={9},
  pages={1566--1576},
  year={2012}
}

@article{aksenov2010north,
	title={The North Atlantic inflow to the Arctic Ocean: High-resolution model study},
	author={Aksenov, Yevgeny and Bacon, Sheldon and Coward, Andrew C and Nurser, AJ},
	journal={Journal of Marine Systems},
	volume={79},
	number={1},
	pages={1--22},
	year={2010},
	publisher={Elsevier}
}

@book{cushman2011introduction,
	title={Introduction to geophysical fluid dynamics: physical and numerical aspects},
	author={Cushman-Roisin, Benoit and Beckers, Jean-Marie},
	volume={101},
	year={2011},
	publisher={Academic Press}
}

@book{vallis2006atmospheric,
	title={Atmospheric and oceanic fluid dynamics: fundamentals and large-scale circulation},
	author={Vallis, Geoffrey K},
	year={2006},
	publisher={Cambridge University Press}
}

@article{dickson2007current,
	title={Current estimates of freshwater flux through Arctic and subarctic seas},
	author={Dickson, Robert and Rudels, Bert and Dye, Stephen and Karcher, Michael and Meincke, Jens and Yashayaev, Igor},
	journal={Progress in Oceanography},
	volume={73},
	number={3},
	pages={210--230},
	year={2007},
	publisher={Elsevier}
}

@article{jones2001circulation,
	title={Circulation in the Arctic Ocean},
	author={Jones, E Peter},
	journal={Polar Research},
	volume={20},
	number={2},
	pages={139--146},
	year={2001},
	publisher={Wiley Online Library}
}


@article{zhang2007effect,
	title={Effect of vertical mixing on the Atlantic Water layer circulation in the Arctic Ocean},
	author={Zhang, Jinlun and Steele, Mike},
	journal={Journal of Geophysical Research: Oceans (1978--2012)},
	volume={112},
	number={C4},
	year={2007},
	publisher={Wiley Online Library}
}

@article{yoshikawa2012eddy,
	title={An eddy-driven abyssal circulation in a bowl-shaped basin due to deep water formation},
	author={Yoshikawa, Yutaka},
	journal={Journal of oceanography},
	volume={68},
	number={6},
	pages={971--983},
	year={2012},
	publisher={Springer}
}

@article{woodgate2001arctic,
	title={The Arctic Ocean boundary current along the Eurasian slope and the adjacent Lomonosov Ridge: Water mass properties, transports and transformations from moored instruments},
	author={Woodgate, Rebecca A and Aagaard, Knut and Muench, Robin D and Gunn, John and Bj{\"o}rk, G{\"o}ran and Rudels, Bert and Roach, AT and Schauer, Ursula},
	journal={Deep Sea Research Part I: Oceanographic Research Papers},
	volume={48},
	number={8},
	pages={1757--1792},
	year={2001},
	publisher={Elsevier}
}

@article{treguier1989topographically,
	title={Topographically generated steady currents in barotropic turbulence},
	author={Treguier, AM},
	journal={Geophysical \& Astrophysical Fluid Dynamics},
	volume={47},
	number={1-4},
	pages={43--68},
	year={1989},
	publisher={Taylor \& Francis}
}

@article{schauer2004arctic,
	title={Arctic warming through the Fram Strait: Oceanic heat transport from 3 years of measurements},
	author={Schauer, Ursula and Fahrbach, Eberhard and Osterhus, Svein and Rohardt, Gerd},
	journal={Journal of Geophysical Research: Oceans (1978--2012)},
	volume={109},
	number={C6},
	year={2004},
	publisher={Wiley Online Library}
}

@article{schauer2002atlantic,
	title={Atlantic water flow through the Barents and Kara Seas},
	author={Schauer, Ursula and Loeng, Harald and Rudels, Bert and Ozhigin, Vladimir K and Dieck, Wolfgang},
	journal={Deep Sea Research Part I: Oceanographic Research Papers},
	volume={49},
	number={12},
	pages={2281--2298},
	year={2002},
	publisher={Elsevier}
}

@article{proshutinsky2011recent,
	title={Recent advances in Arctic ocean studies employing models from the Arctic Ocean Model Intercomparison Project},
	author={Proshutinsky, Andrey and Aksenov, Yevgeny and Kinney, Jaclyn Clement and Gerdes, Rudiger and Golubeva, Elena and Holland, David and Holloway, Greg and Jahn, Alexandra and Johnson, Mark and Popova, Ekaterina and others},
	year={2011},
	publisher={Oceanography Society}
}

@article{proshutinsky2008toward,
	title={Toward reducing uncertainties in Arctic climate simulations},
	author={Proshutinsky, Andrey and Dethloff, Klaus and Doescher, Ralf and Gascard, Jean Claude and Kauker, Frank},
	journal={Eos, Transactions American Geophysical Union},
	volume={89},
	number={16},
	pages={150--152},
	year={2008},
	publisher={Wiley Online Library}
}